
% BibTeX Entries

@misc{kiritravel,
 author               = "{Pascal Alfadian}",
 title                = "{KIRI}",
 howpublished 				= "\url{http://kiri.travel/}",
 year									= {2014},
 note 								= "[Online; diakses 1-Oktober-2015]"
}

@misc{devkiritravel,
 author               = "{Pascal Alfadian}",
 title                = "{KIRI}",
 howpublished 				= "\url{https://dev.kiri.travel/bukitjarian/}",
 year									= {2014},
 note 								= "[Online; diakses 1-Oktober-2015]"
}

@misc{kiridashboard,
 author               = "{Pascal Alfadian}",
 title                = "{TirtayasaGH}",
 howpublished 				= "\url{https://github.com/pascalalfadian/TirtayasaGH}",
 year									= {2014},
 note 								= "[Online; diakses 1-Oktober-2015]"
}

@book{playforjava,
 author               = {Nicolas Leroux and  Sietse De Kaper},
 title            		= {Play for Java},
 publisher            = {Manning Publications Co.},
 isbn                 = {9781617290909},
 year                 = {2014},
 }

@misc{mysqlspatial,
 author               = "{Oracle}",
 title                = "{11.5 Extensions for Spatial Data}",
 howpublished 				= "\url{https://dev.mysql.com/doc/refman/5.0/en/spatial-extensions.html}",
 year									= {2015},
 note 								= "[Online; diakses 1-Oktober-2015]"
}

@misc{spatialtipedata,
 author               = "{Oracle}",
 title                = "{11.5.1 Spatial Data Types}",
 howpublished 				= "\url{https://dev.mysql.com/doc/refman/5.0/en/spatial-datatypes.html}",
 year									= {2015},
 note 								= "[Online; diakses 1-Oktober-2015]"
}

@misc{spatialtipedatapoint,
 author               = "{Oracle}",
 title                = "{11.5.2.3 Point Class}",
 howpublished 				= "\url{https://dev.mysql.com/doc/refman/5.0/en/gis-class-point.html}",
 year									= {2015},
 note 								= "[Online; diakses 1-Oktober-2015]"
}

@misc{spatialtipedatalinestring,
 author               = "{Oracle}",
 title                = "{11.5.2.5 LineString Class}",
 howpublished 				= "\url{https://dev.mysql.com/doc/refman/5.0/en/gis-class-linestring.html}",
 year									= {2015},
 note 								= "[Online; diakses 1-Oktober-2015]"
}

@misc{playframeworkrouting1,
 author               = "{Play Framework}",
 title                = "{The HTTP method}",
 howpublished 				= "\url{https://www.playframework.com/documentation/2.4.x/JavaRouting}",
 year									= {2015},
 note 								= "[Online; diakses 12-Oktober-2015]"
}

@misc{playframeworkrouting2,
 author               = "{Play Framework}",
 title                = "{The routes file syntax}",
 howpublished 				= "\url{https://www.playframework.com/documentation/2.4.x/JavaRouting}",
 year									= {2015},
 note 								= "[Online; diakses 12-Oktober-2015]"
}







 
