
% BibTeX Entries

@misc{kiritravel,
 author               = "{Pascal Alfadian}",
 title                = "{KIRI}",
 howpublished 				= "\url{http://kiri.travel/}",
 year									= {2014},
 note 								= "[Online; diakses 1-Oktober-2015]"
}

@misc{devkiritravel,
 author               = "{Pascal Alfadian}",
 title                = "{KIRI}",
 howpublished 				= "\url{https://dev.kiri.travel/bukitjarian/}",
 year									= {2014},
 note 								= "[Online; diakses 1-Oktober-2015]"
}

@misc{kiridashboard,
 author               = "{Pascal Alfadian}",
 title                = "{TirtayasaGH}",
 howpublished 				= "\url{https://github.com/pascalalfadian/TirtayasaGH}",
 year									= {2014},
 note 								= "[Online; diakses 1-Oktober-2015]"
}

@book{playforjava,
 author               = {Nicolas Leroux and  Sietse De Kaper},
 title            		= {Play for Java},
 publisher            = {Manning Publications Co.},
 isbn                 = {9781617290909},
 year                 = {2014},
 }

@misc{mysqlspatial,
 author               = "{Oracle}",
 title                = "{MySQL 5.7 Reference Manual}",
 howpublished 				= "\url{https://dev.mysql.com/doc/refman/5.7/en/}",
 year									= {2015},
 note 								= "[Online; diakses 4-November-2015]"
}

@misc{geojson,
 author               = "{GeoJSON}",
 title                = "{Representasi Objek dalam Geometri}",
 howpublished 				= "\url{http://geojson.io/}",
 year									= {2015},
 note 								= "[Online; diakses 4-November-2015]"
}

@misc{playframeworkweb,
 author               = "{Play Framework}",
 title                = "{Play 2.4.x documentation}",
 howpublished 				= "\url{https://www.playframework.com/documentation/2.4.x/Home}",
 year									= {2015},
 note 								= "[Online; diakses 4-November-2015]"
}

@misc{eclipse,
 author               = "{The Eclipse Foundation}",
 title                = "{About the Eclipse Foundation}",
 howpublished 				= "\url{https://eclipse.org/org}",
 year									= {2015},
 note 								= "[Online; diakses 25-November-2015]"
}

@misc{github,
 author               = "{GitHub Inc}",
 title                = "{About GitHub}",
 howpublished 				= "\url{https://github.com/}",
 year									= {2015},
 note 								= "[Online; diakses 25-November-2015]"
}

@misc{ant,
 author               = "{Apache Ant}",
 title                = "{Apache Ant}",
 howpublished 				= "\url{http://ant.apache.org/}",
 year									= {2015},
 note 								= "[Online; diakses 25-November-2015]"
}

@misc{gwt,
 author               = "{GWT}",
 title                = "{Overview GWT}",
 howpublished 				= "\url{http://www.gwtproject.org/}",
 year									= {2015},
 note 								= "[Online; diakses 25-November-2015]"
}

@misc{kml,
	author               = "{Google Developers}",
 title                = "{Keyhole Markup Language}",
 howpublished 				= "\url{https://developers.google.com/kml/}",
 year									= {2015},
 note 								= "[Online; diakses 26-November-2015]"
}

@misc{javadocumentation,
	author               = "{Oracle}",
 title                = "{Java Documentation}",
 howpublished 				= "\url{https://docs.oracle.com/javase/8/}",
 year									= {2015},
 note 								= "[Online; diakses 26-November-2015]"
}

@misc{json,
	author               = "{Standard ECMA-262 3rd Edition}",
 title                = "{Introducing JSON}",
 howpublished 				= "\url{http://www.json.org/}",
 year									= {2015},
 note 								= "[Online; diakses 1-Desember-2015]"
}

@misc{regex,
	author               = "{Jan Goyvaerts}",
 title                = "{The Premier website about Regular Expressions}",
 howpublished 				= "\url{http://www.regular-expressions.info/}",
 year									= {2015},
 note 								= "[Online; diakses 1-Desember-2015]"
}

@misc{ajax,
	author               = "{W3Schools}",
 title                = "{AJAX Tutorial}",
 howpublished 				= "\url{http://www.w3schools.com/ajax/}",
 year									= {2015},
 note 								= "[Online; diakses 1-Desember-2015]"
}
 
